@book{book--goodfellow--2016,
      title     = {Deep Learning},
      author    = {Ian Goodfellow and Yoshua Bengio and Aaron Courville},
      publisher = {MIT Press},
      note      = {\url{http://www.deeplearningbook.org}},
      year      = {2016}
}

@article{article--hwang-zhow--2015,
      title  = {Image Colorization with Depp Convulational Neural Networks},
      author = {Jeff Hwang and You Zhou},
      year   = {2015}
}

@comment TODO: check authors
@article{article--zhang--2015,
      author    = {Jiajun Zhang and Chengqing Zong},
      pages     = {16--25}
      publisher = {IEEE Intelligent Systems}
      title     = {Deep Natural Networks in Machine Translation: An Overview.Â Natural Language Processing},
      year      = {2015}
}

@book{book--minsky-papert--1969,
      author    = {Marvin Minsky and Seymour Papert},
      title     = {Perceptrons: an introduction to computational geometry},
      publisher = {MIT Press},
      year      = {1969},
      ISBN      = {0262630222}
}

@article{article--mcculloch-pitts--1943,
      author   = {Warren McCulloch and Walter Pitts},
      title    = {A Logical Calculus of the Ideas Immanent Nervous Activity.},
      journal  = {Bulletin of Mathematical Boiphysics},
      pages    = {115--133},
      numpages = {18},
      year     = {1943}
}

@article{article--Kurkova--1992,
      author     = {K\r{u}rkov\'{a}, V\v{e}ra},
      title      = {Kolmogorov's Theorem and Multilayer Neural Networks},
      journal    = {Neural Netw.},
      issue_date = {1992},
      volume     = {5},
      number     = {3},
      month      = mar,
      year       = {1992},
      issn       = {0893-6080},
      pages      = {501--506},
      numpages   = {6},
      url        = {http://dx.doi.org/10.1016/0893-6080(92)90012-8},
      doi        = {10.1016/0893-6080(92)90012-8},
      acmid      = {148474},
      publisher  = {Elsevier Science Ltd.},
      address    = {Oxford, UK, UK}
}

@book{book--russell--2003,
      author    = {Russell, Stuart J. and Norvig, Peter},
      title     = {Artificial Intelligence: A Modern Approach},
      year      = {2003},
      isbn      = {0137903952},
      edition   = {2},
      publisher = {Pearson Education},
}

@book{book--hastie--2008,
      address   = {New York, NY, USA},
      author    = {Hastie, Trevor and Tibshirani, Robert and Friedman, Jerome},
      keywords  = {ml statistics},
      publisher = {Springer New York Inc.},
      title     = {The Elements of Statistical Learning},
      isbn      = {978-0-387-84857-0},
      edition   = {2},
      year      = {2008}
}
@book{book--kohonen--2001,
      editor    = {Kohonen, T. and Schroeder, M. R. and Huang, T. S.},
      title     = {Self-Organizing Maps},
      year      = {2001},
      isbn      = {3540679219},
      edition   = {3rd},
      publisher = {Springer-Verlag New York, Inc.},
      address   = {Secaucus, NJ, USA},
}

@article{article__lecun__1989,
      author  = {LeCun, Y. and Jackel,  L. D. and Boser, B.  and Denker, J. S.  and Graf, H. P. and Guyon, I. and Henderson, D. and Howard, R. E. and Hubbard, W.},
      title   =  {Handwritten Digit Recognition: Applications of Neural Net Chips and Automatic Learning},
      journal =  {IEEE Communication},
      year    =  {1989},
      month   =  {November},
      pages   =  {41-46},
      note    =  {invited paper}
}

@article{article__krizhevsky__2012,
      author    = {Alex Krizhevsky and Ilya Sutskever and Geoffrey E. Hinton},
      title     = {ImageNet Classification with Deep Convolutional Neural Networks},
      pages     = {1106--1114},
      year      = {2012},
      crossref  = {DBLP:conf/nips/2012},
      url       = {http://papers.nips.cc/paper/4824-imagenet-classification-with-deep-convolutional-neural-networks},
      timestamp = {Thu, 11 Dec 2014 17:34:07 +0100},
      biburl    = {http://dblp.uni-trier.de/rec/bib/conf/nips/KrizhevskySH12},
      bibsource = {dblp computer science bibliography, http://dblp.org}
}

@article{article__zeiler__2013,
      author    = {Matthew D. Zeiler and Rob Fergus},
      title     = {Visualizing and Understanding Convolutional Networks},
      journal   = {CoRR},
      volume    = {abs/1311.2901},
      year      = {2013},
      url       = {http://arxiv.org/abs/1311.2901},
      timestamp = {Tue, 28 Mar 2017 12:18:30 +0200},
      biburl    = {http://dblp.uni-trier.de/rec/bib/journals/corr/ZeilerF13},
      bibsource = {dblp computer science bibliography, http://dblp.org}
}

@online{online--Deshpande--2016,
      author = {Adit Deshpande},
      title = {The 9 Deep Learning Papers You Need To Know About (Understanding CNNs Part 3)},
      url = {https://adeshpande3.github.io/adeshpande3.github.io/The-9-Deep-Learning-Papers-You-Need-To-Know-About.html},
      month = {August},
      year  = {2016 (accessed May 6, 2017)}
}

@online{online--name--year,
      author = {Author},
      title  = {Title},
      month  = month,
      year   = {year},
      url    = {ur}
}

@article{article__szegedy__2014,
      author    = {Christian Szegedy and
                  Wei Liu and
                  Yangqing Jia and
                  Pierre Sermanet and
                  Scott E. Reed and
                  Dragomir Anguelov and
                  Dumitru Erhan and
                  Vincent Vanhoucke and
                  Andrew Rabinovich},
      title     = {Going Deeper with Convolutions},
      journal   = {CoRR},
      volume    = {abs/1409.4842},
      year      = {2014},
      url       = {http://arxiv.org/abs/1409.4842},
      timestamp = {Tue, 31 May 2016 18:15:20 +0200},
      biburl    = {http://dblp.uni-trier.de/rec/bib/journals/corr/SzegedyLJSRAEVR14},
      bibsource = {dblp computer science bibliography, http://dblp.org}
}

@article{article__He_Zhang__2015,
      author    = {Kaiming He and
                  Xiangyu Zhang and
                  Shaoqing Ren and
                  Jian Sun},
      title     = {Deep Residual Learning for Image Recognition},
      journal   = {CoRR},
      volume    = {abs/1512.03385},
      year      = {2015},
      url       = {http://arxiv.org/abs/1512.03385},
      timestamp = {Wed, 30 Mar 2016 23:40:00 +0200},
      biburl    = {http://dblp.uni-trier.de/rec/bib/journals/corr/HeZRS15},
      bibsource = {dblp computer science bibliography, http://dblp.org}
}

@article{article__hubel__1959,
      added-at  = {2008-03-11T14:52:34.000+0100},
      author    = {Hubel, David H. and Wiesel, Torsten N.},
      biburl    = {https://www.bibsonomy.org/bibtex/202c5cf1ee910eadba5efa77b3cd043f6/idsia},
      interhash = {87c70cb3bc4356f740496375718bd3d3},
      intrahash = {02c5cf1ee910eadba5efa77b3cd043f6},
      journal   = {Journal of Physiology},
      keywords  = {nn},
      pages     = {574--591},
      priority  = {2},
      timestamp = {2008-03-11T15:03:48.000+0100},
      title     = {Receptive Fields of Single Neurons in the Cat's Striate Cortex},
      volume    = 148,
      year      = 1959
}
